@book{Wettl04,
  author    = {Ferenc Wettl and Gyula Mayer and P�ter Szab�},
  title     = {\LaTeX~k�zik�nyv},
  publisher = {Panem K�nyvkiad�},
  year      = 2004
}

@article{Candy86,
  author  = {James C. Candy},
  title   = {Decimation for Sigma Delta Modulation},
  journal = {{IEEE} Trans.\ on Communications},
  volume  = 34,
  number  = 1,
  pages   = {72--76},
  month   = jan,
  year    = 1986
}

@inproceedings{Lee87,
  author    = {Wai L. Lee and Charles G. Sodini},
  title     = {A Topology for Higher Order Interpolative Coders},
  booktitle = {Proc.\ of the IEEE International Symposium on Circuits and Systems},
  year      = 1987,
  vol       = 2,
  month     = may # {~4--7},
  address   = {Philadelphia, PA, USA},
  pages     = {459--462}
}

@phdthesis{KissPhD,
  author = {Peter Kiss},
  title  = {Adaptive Digital Compensation of Analog Circuit Imperfections for Cascaded Delta-Sigma Analog-to-Digital Converters},
  school = {Technical University of Timi\c{s}oara, Romania},
  month  = apr,
  year   = 2000
}

@manual{Schreier00,
  author       = {Kerlek szepen},
  title        = {The Delta-Sigma Toolbox v5.2},
  organization = {Oregon State University},
  year         = 2000,
  month        = jan,
  note         = {URL: http://www.mathworks.com/matlabcentral/fileexchange/}
}

@misc{DipPortal,
  author       = {Budapesti {M}�szaki �s {G}azdas�gtudom�nyi {E}gyetem {V}illamosm�rn�ki �s {I}nformatikai {K}ar},
  title        = {{D}iplomaterv port�l (2011 febru�r 26.)},
  howpublished = {\url{http://diplomaterv.vik.bme.hu/}}
}